@article{kingma2013auto,
  title={Auto-encoding variational bayes},
  author={Kingma, Diederik P and Welling, Max},
  journal={arXiv preprint arXiv:1312.6114},
  year={2013}
}

@article{mikolov2013efficient,
  title={Efficient estimation of word representations in vector space},
  author={Mikolov, Tomas and Chen, Kai and Corrado, Greg and Dean, Jeffrey},
  journal={arXiv preprint arXiv:1301.3781},
  year={2013}
}

@inproceedings{pennington2014glove,
  title={Glove: Global vectors for word representation},
  author={Pennington, Jeffrey and Socher, Richard and Manning, Christopher},
  booktitle={Proceedings of the 2014 conference on empirical methods in natural language processing (EMNLP)},
  pages={1532--1543},
  year={2014}
}

@article{arora2016simple,
  title={A simple but tough-to-beat baseline for sentence embeddings},
  author={Arora, Sanjeev and Liang, Yingyu and Ma, Tengyu},
  year={2016}
}

@article{dai2015document,
  title={Document embedding with paragraph vectors},
  author={Dai, Andrew M and Olah, Christopher and Le, Quoc V},
  journal={arXiv preprint arXiv:1507.07998},
  year={2015}
}

@inproceedings{abbott2016internet,
  title={Internet Argument Corpus 2.0: An SQL schema for Dialogic Social Media and the Corpora to go with it.},
  author={Abbott, Rob and Ecker, Brian and Anand, Pranav and Walker, Marilyn A},
  booktitle={LREC},
  year={2016}
}

@inproceedings{hasan2014you,
  title={Why are you taking this stance? identifying and classifying reasons in ideological debates},
  author={Hasan, Kazi Saidul and Ng, Vincent},
  booktitle={Proceedings of the 2014 Conference on Empirical Methods in Natural Language Processing (EMNLP)},
  pages={751--762},
  year={2014}
}

@article{frey2007clustering,
  title={Clustering by passing messages between data points},
  author={Frey, Brendan J and Dueck, Delbert},
  journal={science},
  volume={315},
  number={5814},
  pages={972--976},
  year={2007},
  publisher={American Association for the Advancement of Science}
}

@article{ackley1985learning,
  title={A learning algorithm for Boltzmann machines},
  author={Ackley, David H and Hinton, Geoffrey E and Sejnowski, Terrence J},
  journal={Cognitive science},
  volume={9},
  number={1},
  pages={147--169},
  year={1985},
  publisher={Elsevier}
}

@article{hinton2006reducing,
  title={Reducing the dimensionality of data with neural networks},
  author={Hinton, Geoffrey E and Salakhutdinov, Ruslan R},
  journal={science},
  volume={313},
  number={5786},
  pages={504--507},
  year={2006},
  publisher={American Association for the Advancement of Science}
}

@article{hinton2006fast,
  title={A fast learning algorithm for deep belief nets},
  author={Hinton, Geoffrey E and Osindero, Simon and Teh, Yee-Whye},
  journal={Neural computation},
  volume={18},
  number={7},
  pages={1527--1554},
  year={2006},
  publisher={MIT Press}
}

@inproceedings{kingma2014semi,
  title={Semi-supervised learning with deep generative models},
  author={Kingma, Durk P and Mohamed, Shakir and Rezende, Danilo Jimenez and Welling, Max},
  booktitle={Advances in neural information processing systems},
  pages={3581--3589},
  year={2014}
}

@article{bowman2015generating,
  title={Generating sentences from a continuous space},
  author={Bowman, Samuel R and Vilnis, Luke and Vinyals, Oriol and Dai, Andrew M and Jozefowicz, Rafal and Bengio, Samy},
  journal={arXiv preprint arXiv:1511.06349},
  year={2015}
}

@article{vanichallenges,
  title={Challenges with Variational Autoencoders for Text},
  author={Vani, Ankit and Birodkar, Vighnesh},
  year={2016}
}

@article{zhao2017learning,
  title={Learning discourse-level diversity for neural dialog models using conditional variational autoencoders},
  author={Zhao, Tiancheng and Zhao, Ran and Eskenazi, Maxine},
  journal={arXiv preprint arXiv:1703.10960},
  year={2017}
}

@article{jang2018recurrent,
  title={Recurrent Neural Network-Based Semantic Variational Autoencoder for Sequence-to-Sequence Learning},
  author={Jang, Myeongjun and Seo, Seungwan and Kang, Pilsung},
  journal={arXiv preprint arXiv:1802.03238},
  year={2018}
}

@article{semeniuta2017hybrid,
  title={A hybrid convolutional variational autoencoder for text generation},
  author={Semeniuta, Stanislau and Severyn, Aliaksei and Barth, Erhardt},
  journal={arXiv preprint arXiv:1702.02390},
  year={2017}
}

@article{yang2017improved,
  title={Improved variational autoencoders for text modeling using dilated convolutions},
  author={Yang, Zichao and Hu, Zhiting and Salakhutdinov, Ruslan and Berg-Kirkpatrick, Taylor},
  journal={arXiv preprint arXiv:1702.08139},
  year={2017}
}

@article{srivastava2017autoencoding,
  title={Autoencoding variational inference for topic models},
  author={Srivastava, Akash and Sutton, Charles},
  journal={arXiv preprint arXiv:1703.01488},
  year={2017}
}

@article{xu2018semi,
  title={Semi-supervised Target-level Sentiment Analysis via Variational Autoencoder},
  author={Xu, Weidi and Tan, Ying},
  journal={arXiv preprint arXiv:1810.10437},
  year={2018}
}

@article{cho2014learning,
  title={Learning phrase representations using RNN encoder-decoder for statistical machine translation},
  author={Cho, Kyunghyun and Van Merri{\"e}nboer, Bart and Gulcehre, Caglar and Bahdanau, Dzmitry and Bougares, Fethi and Schwenk, Holger and Bengio, Yoshua},
  journal={arXiv preprint arXiv:1406.1078},
  year={2014}
}

@article{press2016using,
  title={Using the output embedding to improve language models},
  author={Press, Ofir and Wolf, Lior},
  journal={arXiv preprint arXiv:1608.05859},
  year={2016}
}

@article{kudo2018subword,
  title={Subword Regularization: Improving Neural Network Translation Models with Multiple Subword Candidates},
  author={Kudo, Taku},
  journal={arXiv preprint arXiv:1804.10959},
  year={2018}
}

@article{freitag2017beam,
  title={Beam search strategies for neural machine translation},
  author={Freitag, Markus and Al-Onaizan, Yaser},
  journal={arXiv preprint arXiv:1702.01806},
  year={2017}
}

@article{williams1989learning,
  title={A learning algorithm for continually running fully recurrent neural networks},
  author={Williams, Ronald J and Zipser, David},
  journal={Neural computation},
  volume={1},
  number={2},
  pages={270--280},
  year={1989},
  publisher={MIT Press}
}

@article{sennrich2015neural,
  title={Neural machine translation of rare words with subword units},
  author={Sennrich, Rico and Haddow, Barry and Birch, Alexandra},
  journal={arXiv preprint arXiv:1508.07909},
  year={2015}
}

@article{kalchbrenner2016neural,
  title={Neural machine translation in linear time},
  author={Kalchbrenner, Nal and Espeholt, Lasse and Simonyan, Karen and Oord, Aaron van den and Graves, Alex and Kavukcuoglu, Koray},
  journal={arXiv preprint arXiv:1610.10099},
  year={2016}
}

@article{kingma2014adam,
  title={Adam: A method for stochastic optimization},
  author={Kingma, Diederik P and Ba, Jimmy},
  journal={arXiv preprint arXiv:1412.6980},
  year={2014}
}

@inproceedings{glorot2010understanding,
  title={Understanding the difficulty of training deep feedforward neural networks},
  author={Glorot, Xavier and Bengio, Yoshua},
  booktitle={Proceedings of the thirteenth international conference on artificial intelligence and statistics},
  pages={249--256},
  year={2010}
}

@inproceedings{boltuvzic2015identifying,
  title={Identifying prominent arguments in online debates using semantic textual similarity},
  author={Boltu{\v{z}}i{\'c}, Filip and {\v{S}}najder, Jan},
  booktitle={Proceedings of the 2nd Workshop on Argumentation Mining},
  pages={110--115},
  year={2015}
}

@inproceedings{levy2018towards,
  title={Towards an argumentative content search engine using weak supervision},
  author={Levy, Ran and Bogin, Ben and Gretz, Shai and Aharonov, Ranit and Slonim, Noam},
  booktitle={Proceedings of the 27th International Conference on Computational Linguistics},
  pages={2066--2081},
  year={2018}
}

@inproceedings{walker2012corpus,
  title={A Corpus for Research on Deliberation and Debate.},
  author={Walker, Marilyn A and Tree, Jean E Fox and Anand, Pranav and Abbott, Rob and King, Joseph},
  booktitle={LREC},
  pages={812--817},
  year={2012},
  organization={Istanbul}
}

@article{maaten2008visualizing,
  title={Visualizing data using t-SNE},
  author={Maaten, Laurens van der and Hinton, Geoffrey},
  journal={Journal of machine learning research},
  volume={9},
  number={Nov},
  pages={2579--2605},
  year={2008}
}
