@inproceedings{hasan2014you,
  title={Why are you taking this stance? identifying and classifying reasons in ideological debates},
  author={Hasan, Kazi Saidul and Ng, Vincent},
  booktitle={Proceedings of the 2014 Conference on Empirical Methods in Natural Language Processing (EMNLP)},
  pages={751--762},
  year={2014}
}

@article{kingma2013auto,
  title={Auto-encoding variational bayes},
  author={Kingma, Diederik P and Welling, Max},
  journal={arXiv preprint arXiv:1312.6114},
  year={2013}
}

@article{bowman2015generating,
  title={Generating sentences from a continuous space},
  author={Bowman, Samuel R and Vilnis, Luke and Vinyals, Oriol and Dai, Andrew M and Jozefowicz, Rafal and Bengio, Samy},
  journal={arXiv preprint arXiv:1511.06349},
  year={2015}
}

@article{vanichallenges,
  title={Challenges with Variational Autoencoders for Text},
  author={Vani, Ankit and Birodkar, Vighnesh},
  year={2016}
}

@article{cifka2018eval,
  title={Eval all, trust a few, do wrong to none: Comparing sentence generation models},
  author={C{\'\i}fka, Ond{\v{r}}ej and Severyn, Aliaksei and Alfonseca, Enrique and Filippova, Katja},
  journal={arXiv preprint arXiv:1804.07972},
  year={2018}
}

@article{zhao2017learning,
  title={Learning discourse-level diversity for neural dialog models using conditional variational autoencoders},
  author={Zhao, Tiancheng and Zhao, Ran and Eskenazi, Maxine},
  journal={arXiv preprint arXiv:1703.10960},
  year={2017}
}

@article{jang2018recurrent,
  title={Recurrent Neural Network-Based Semantic Variational Autoencoder for Sequence-to-Sequence Learning},
  author={Jang, Myeongjun and Seo, Seungwan and Kang, Pilsung},
  journal={arXiv preprint arXiv:1802.03238},
  year={2018}
}

@article{semeniuta2017hybrid,
  title={A hybrid convolutional variational autoencoder for text generation},
  author={Semeniuta, Stanislau and Severyn, Aliaksei and Barth, Erhardt},
  journal={arXiv preprint arXiv:1702.02390},
  year={2017}
}

@article{yang2017improved,
  title={Improved variational autoencoders for text modeling using dilated convolutions},
  author={Yang, Zichao and Hu, Zhiting and Salakhutdinov, Ruslan and Berg-Kirkpatrick, Taylor},
  journal={arXiv preprint arXiv:1702.08139},
  year={2017}
}

@article{srivastava2017autoencoding,
  title={Autoencoding variational inference for topic models},
  author={Srivastava, Akash and Sutton, Charles},
  journal={arXiv preprint arXiv:1703.01488},
  year={2017}
}

@article{xiao2018dirichlet,
  title={Dirichlet Variational Autoencoder for Text Modeling},
  author={Xiao, Yijun and Zhao, Tiancheng and Wang, William Yang},
  journal={arXiv preprint arXiv:1811.00135},
  year={2018}
}

@article{schumann2018unsupervised,
  title={Unsupervised Abstractive Sentence Summarization using Length Controlled Variational Autoencoder},
  author={Schumann, Raphael},
  journal={arXiv preprint arXiv:1809.05233},
  year={2018}
}

@article{xu2018semi,
  title={Semi-supervised Target-level Sentiment Analysis via Variational Autoencoder},
  author={Xu, Weidi and Tan, Ying},
  journal={arXiv preprint arXiv:1810.10437},
  year={2018}
}
